@article{EpsteinDerandom22,
	author = {Epstein, S.},
	title = {The Outlier Theorem Revisited},
	journal={CoRR},
	year = {2022},
	volume={abs/2203.08733},
	year={2022},
	eprinttype={arXiv},
	eprint={2203.08733}
}


@article{Bloom70,
	author = {Bloom, B.},
	title = {Space/Time Trade-Offs in Hash Coding with Allowable Errors},
	year = {1970},
	journal = {Commun. ACM},
	pages = {422â€“426}
}

@book{MitzenmacherUp05,
	author = {Mitzenmacher, M. and Upfal, E.},
	publisher = {Cambridge University Press},
	title = {Probability and Computing: Randomized Algorithms and Probabilistic Analysis.},
	year = 2005
}



@incollection{Lovasz96,
	author = {Lov\'asz, L.},
	booktitle = {Combinatorics, Paul Erd\H{o}s is Eighty},
	editor = {{Mikl\'os}, D. and {S\'os}, V. T. and {Sz\H{o}nyi}, T.},
	pages = {353-398},
	publisher = {J\'anos Bolyai Mathematical Society},
	title = {Random Walks on Graphs: A Survey},
	volume = 2,
	year = 1996
}




@book{Hutter05,
  address = {Berlin and Heidelberg},
  author = {Hutter, Ml},
  publisher = {Springer},
  series = {Texts in Theoretical Computer Science. An EATCS Series},
  subtitle = {Sequential Decisions Based on Algorithmic Probability},
  title = {Universal Artificial Intelligence},
  year = 2005
}


@article{Levin16,
	title = {Occam bound on lowest complexity of elements},
	journal = {Annals of Pure and Applied Logic},
	volume = {167},
	number = {10},
	pages = {897-900},
	year = {2016},
	note = {And also: S. Epstein and L.A. Levin, Sets have simple members, arXiv preprint arXiv:1107.1458, 2011},
	author = {Levin, L. A.},
	keywords = {Occam, Prior, Extrapolation, Complexity, Randomness, Information}
}

@article{Epstein19,
	doi = {10.48550/ARXIV.1907.04776},
	author = {Epstein, S.},
	title = {On the Algorithmic Probability of Sets},
	journal={CoRR},
	volume =  {abs/1907.04776},
	year = {2019},
	eprinttype = {arXiv},
	eprint    = {1907.04776}
}


@article{EpsteinNO22,
  url = {https://arxiv.org/abs/2203.08733},
   author = {Epstein, Samuel},
  title = {A Note on the Outliers Theorem},
  journal = {CoRR},
  volume = {abs/2203.08733},
 year = {2022},
 	eprinttype = {arXiv},
	eprint    = {2203.08733} 
}


@article{Epstein22,
	author    = {Samuel Epstein},
	title     = {On the Kolmogorov Complexity of Binary Classifiers},
	journal   = {CoRR},
	volume    = {abs/2201.12374},
	year      = {2022},
	url       = {https://arxiv.org/abs/2201.12374},
	eprinttype = {arXiv},
	eprint    = {2201.12374}
}
@ARTICLE{Epstein21,
	author={Epstein, Samuel},
	journal={IEEE Transactions on Information Theory}, 
	title={All Sampling Methods Produce Outliers}, 
	year={2021},
	volume={67},
	number={11},
	pages={7568-7578},
	doi={10.1109/TIT.2021.3109779}}

@article{Gacs21,
	title={Lecture notes on descriptional complexity and randomness}, 
	author={Peter G\'{a}cs},
		journal   = {CoRR},
	year={2021},
	volume={abs/2105.04704},
	url={https://arxiv.org/abs/2105.04704},
	archivePrefix={arXiv},
	eprint={2105.0470}
}

@article{Levin13,
	author = {Levin, L. A.}, 
	title = {Forbidden Information},
	year = {2013}, 
	volume = {60}, 
	number = {2}, 
	journal = {J. ACM}
}


@article{Epstein20,
	title = {An extended coding theorem with application to quantum complexities},
	journal = {Information and Computation},
	volume = {275},
	year = {2020},
	author = {Samuel Epstein}
}

@incollection{VereshchaginSh15,
	author      = {Shen, A. and Vereshchagin, N.},
	title       = {Algorithmic Statistics Revisited},
	booktitle   = {Measures of Complexity. Festschrift for Alexey Chervonenkis},
	publisher   = {Springer Verlag},
	year        = 2015,
	pages       = "235-252",
	chapter     = 17,
}

@MISC{Gacs13,
	author=  {G\'acs, P.},
	title = {Lecture Notes on Descriptional Complexity and Randomness},
	year = {2013}
}

@article{Vereshchagin21,
	title = {Proofs of conservation inequalities for Levin's notion of mutual information of 1974},
	journal = {Theoretical Computer Science},
	volume = {856},
	year = {2021},
	author = {Vereshchagin, N.}
}

@inproceedings{Vitanyi00, 
	author = {Vit\'{a}nyi, P}, 
	title = {{Three Approaches to the Quantitative Definition of Information in an Individual Pure Quantum State}},
	 year = {2000}, 
	 publisher = {IEEE Computer Society}, 
	 booktitle = {Proceedings of the 15th Annual IEEE Conference on Computational Complexity}, 
	 pages = {263}, 
	 series = {COCO '00}
 }

@article{Gacs01,
	author = {G\'acs, P.},
	title = {{Quantum Algorithmic Entropy}},
	journal = {Journal of Physics A Mathematical General},
	year = 2001,
	volume = 34,
	number = 35
}

@article{EpsteinLe11,
	author    = {Samuel Epstein and Leonid Levin},
	title     = {On Sets of High Complexity Strings},
	journal   = {CoRR},
	volume    = {abs/1107.1458},
	year      = {2011},
	url       = {http://arxiv.org/abs/1107.1458},
	archivePrefix = {arXiv},
	eprint    = {1107.1458}
}


@inproceedings{VereshchaginSh17,
	author    = {Nikolay K. Vereshchagin and
	Alexander Shen},
	title     = {Algorithmic Statistics: Forty Years Later},
	booktitle = {Computability and Complexity},
	pages     = {669--737},
	year      = {2017}
}

@inproceedings{Romashchenko03,
  author = {Romashchenko, Andrei E.},
  booktitle = {IEEE Conference on Computational Complexity},
  date = {2004-06-25},
  pages = {221-229},
  publisher = {IEEE Computer Society},
  title = {Extracting the Mutual Information for a Triple of Binary Strings.},
  year = 2003
}

@ARTICLE{Makarychev02anew,
    author = {Konstantin Makarychev and Yury Makarychev and Andrei Romashchenko and Nikolai Vereshchagin},
    title = {A new class of non-Shannon-type inequalities for entropies},
    journal = {Communications in Information and Systems},
    year = {2002},
    volume = {2},
    pages = {147--165}
}


@misc{Abledata10,
author = {{ABLEDATA}},
title = {Online database that provides
          information on assistive technology, {U.S. D}epartment of
          {E}ducation},
month = Sep,
year =  2010,
note = {http://www.abledata.org}
}

@incollection{AkramTiBe06,
author = {W. Akram and L. Tiberii and M. Betke},
title = {A customizable camera-based human computer interaction system
          allowing people with disabilities autonomous hands free navigation of
          multiple computing tasks},
editor = {C. Stephanidis and M. Pieper},
booktitle ={Universal Access in Ambient Intelligence Environments -- 9th
            International ERCIM Workshop ``User Interfaces For All'' UI4ALL 2006,
            K\"{o}nigswinter, Germany, September 2006, Revised Papers. LNCS 4397},
year = 2006,
pages = {28--42},
publisher = {Springer-Verlag},
address = {Berlin},
}

@article{BatesIs03,
author = {R. Bates and H. Istance},
title =  {Why are eye mice unpopular?  {A} detailed comparison of
          head and eye controlled assistive technology pointing devices},
journal = {Universal Access in the Information Society},
year = 2003,
volume = 2,
number = 3,
pages  = {265--279},
}

@article{BelkinNi03,
    author = {M. Belkin and P. Niyogi},
    title = {{Laplacian Eigenmaps for dimensionality reduction and data representation}},
    journal = {Neural Computation},
    number = {6},
    pages = {1373--1396},
    volume = {15},
    year = {2003}
}


@INPROCEEDINGS{BengioPaVi03,
    author = {Y. Bengio and J.-F. Paiement and P. Vincent},
    title = {{Out-of-Sample Extensions for LLE, Isomap, MDS, Eigenmaps, and Spectral Clustering}},
    booktitle = {Advances in Neural Information Processing Systems},
    year = {2003},
    pages = {177--184}
}

@incollection{Betke09,
author = {M. Betke},
title = {Intelligent Interfaces to Empower People with Disabilities},
booktitle = {Handbook of Ambient Intelligence and Smart Environments},
editor = {H. Nakashima and J. C. Augusto and H. Aghajan},
publisher = {Springer Verlag},
address = {New York, Dordrecht, Heidelberg, London},
month = Jun,
year = 2009,
comment = {ISBN: 0387938079}
}


@article{BetkeGiFl02,
    author = {M. Betke and J. Gips and P. Fleming},
    journal = {IEEE Transactions on Neural Systems and Rehabilitation Engineering},
    number = {1},
    pages = {1--10},
    title = {{T}he {C}amera {M}ouse: visual tracking of body features to provide computer access for people with severe disabilities},
    volume = {10},
    year = {2002}
}


@article{BetkeGuUr06,
author = {M. Betke and O. Gusyatin and M. Urinson},
title =  {Symbol{D}esign: A User-centered Method to Design Pen-based
          Interfaces and Extend the Functionality of Pointer Input Devices},
journal = {Universal Access in the Information Society},
year = 2006,
month = Mar,
volume = 4,
number = 3,
pages  = {223--236},
}

@ARTICLE{BhattacharyaSaBa08,
author={S. Bhattacharya and D. Samanta and A. Basu},
journal={IEEE Transactions on Neural Systems and Rehabilitation Engineering},
title={Performance Models for Automatic Evaluation of Virtual Scanning Keyboards},
year={2008},
volume={16},
number={5},
pages={510--519},
}

@inproceedings{BiswasSa07,
title ={{Designing Computer Interface for Physically Challenged Persons}},
author = {P. Biswas and D. Samanta},
booktitle = {Proceedings of the International Information Technology
             Conference (ICIT 2007)},
location = {Rourkella, India},
year = 2007,
pages= {161--166},
publisher = {IEEE},
address = {New York, NY},
}

@article{BlumerEhHaWar89,
 author = {Blumer, A. and Ehrenfeucht, A. and Haussler, D. and Warmuth, M. K.},
 title = {{Learnability and the Vapnik-Chervonenkis dimension}},
 journal = {Journal of the ACM},
 issue_date = {1989},
 volume = {36},
 number = {4},
 year = {1989},
 pages = {929--965}
} 


@techreport{Bouguet2002,
    author = {J. Y. Bouguet},
    title = {Pyramidal implementation of the {L}ucas {K}anade feature tracker:
               {D}escription of the algorithm in {O}pen{CV}},
    year = {2002},
    institution = {Microprocessor Research Labs, Intel Corporation},
}

@inproceedings{BourelChLo00,
 author = {F. Bourel and C. Chibelushi and A. Lowe},
 title = {{Robust Facial Feature Tracking}},
 booktitle = {Proceedings of the British Machine Vision Conference (BMVC)},
 year = 2000,
 note = {10 pp.},
 publisher = {BMVA Press},
address = {U.K.},
 }
 
 @misc{BostonCollegeCampusSchool,
author = {CampusSchool},
title = {Boston {C}ollege},
year = 2010,
howpublished ={http://www.bc.edu/schools/lsoe/campsch}
}


 @misc{CameraMouseWebsite,
Author = {M. Betke and J. Gips},
Title = {{T}he {C}amera {M}ouse},
year = 2010,
month = {October},
howpublished = {http://www.cameramouse.org}
}

@article{Chaitin75,
 author = {G. J. Chaitin},
 title = {{A Theory of Program Size Formally Identical to Information Theory}},
 volume = {22},
 journal={Journal of the ACM},
 number = {3},
 year = {1975},
 pages = {329--340}
}


@article {ChawarskaSi09,
   author = {K. Chawarska and F. Shic},
   title = {{L}ooking but not seeing: atypical visual scanning and recognition of faces in 2 and 4-year-old children with autism spectrum disorder},
   journal = {Journal of Autism and Developmental Disorders},
   pages = {1663-1672},
   volume = {39},
   number = {12},
   year = {2009}
}


@inproceedings{ChittaJiHaHaJa11,
 author = {R. Chitta and R. Jin and T. Havens and A. Jain},
 title = {{Approximate Kernel k-means: Solution to Large Scale Kernel Clustering}},
 booktitle = {Proceedings of the 17th ACM SIGKDD international conference on Knowledge discovery and data mining},
 year = {2011},
 publisher = {ACM},
 pages = {895--903},
 numpages = {9}
} 

@book{CoverJo91,
 author = {T. Cover and J. Thomas},
 title = {{Elements of Information Theory}},
 year = {1991},
 publisher = {Wiley-Interscience},
 address = {New York, NY, USA}
}


@book{CoxCo00,
    author = {T. Cox and M. Cox},
    month = {September},
    priority = {2},
    publisher = {Chapman \& Hall/CRC},
    title = {{Multidimensional Scaling, Second Edition}},
    year = {2000}
}

@article{Csiszar98,
author = {I. Csisz\'{a}r},
title = {{The Method of Types}},
journal = {IEEE Transactions on Information Theory},
volume = {44},
year = {1998},
pages = {2505--2523}
}



@article{DrineasKaMaLe04,
    author = {P. Drineas and R. Kannan and M. Mahoney and A. Let},
    journal = {SIAM Journal on Computing},
    title = {{Fast Monte Carlo Algorithms for Matrices {III}: Computing a Compressed Approximate Matrix  Decomposition}},
    volume = {36},
    year = {2004}
}

@article{DrineasMa05,
 author = {P. Drineas and M. Mahoney},
 title = {{On the Nystr\"{o}m Method for Approximating a Gram Matrix for Improved Kernel-Based Learning}},
 journal = {Journal of Machine Learning Research},
 volume = {6},
 month = {December},
 year = {2005},
 numpages = {23}
} 


@techreport{EpsteinBe09,
    author = {S. Epstein and M. Betke},
    institution = {Department of Computer Science, Boston University},
    title = {Active hidden models for tracking with kernel projections},
    number = {BU-CS-TR-2009--006},
    month = {March},
    year = 2009,
}

@article{EpsteinBeAssist2012,
author = {S. Epstein and E. Missimer and M. Betke},
title = {{Using Kernels for a Video-Based Mouse-Replacement Interface}},
journal = {Personal and Ubiquitous Computing Special Issue},
year = {2012}
}

@inproceedings{EpsteinBe2011,
	title = {{An Information Theoretic Representation of Agent Dynamics as Set Intersections}},
	author = {S. Epstein and M. Betke},
	booktitle = {Proceedings of the Fourth Conference on Artificial General Intelligence},
	year = {2011},
	volume = {6830},
	series = {Lecture Notes in Artificial Intelligence},
	pages = {72--81},
	publisher = {Springer},
	springer = {yes}
}

@misc{EpsteinBe12,
author = {S. Epstein and M. Betke},
title = {The Kernel Semi-least Squares Method for Distance Approximation},
note = {Unpublished manuscript},
year = {2012}
}

@misc{EpsteinHeHo11,
author = {S. Epstein and B. Hescott and S. Homer},
title = {Collaboration on the algorithmic weight of sets of reals.},
note = {Unpublished Manuscript},
year =  2011
}


@TECHREPORT{EpsteinBeNeuro11,
  author =        {S. Epstein and M. Betke},
  title =         {{The Kernel Semi-least Squares Method for Sparse Distance Approximation}},
  institution =   {Department of Computer Science, Boston University},
  year  =         {2011},
  notes =   {http://cs-people.bu.edu/samepst/Epstein-Betke-NeuroComp-Feb23.pdf}
}

@misc{EyeTech10,
title = {{EyeTech Digital Systems}},
author = {{Q}uick {G}lance 3},
year = {2010},
note = {http://www.eyetechds.com}
}

@inproceedings{FindlaterJaShDiKaRaWb10,
 author = {L. Findlater and A. Jansen and K. Shinohara and M. Dixon and P. Kamb and J. Rakita and J. Wobbrock},
 title = {{Enhanced area cursors: reducing fine pointing demands for people with motor impairments}},
 booktitle = {Proceedings of the 23nd Annual ACM Symposium on User Interface Software and Technology (UIST'10)},
 year = {2010},
 month = {September},
 pages = {153--162}
 }
 
 @article{Fitts54,
	author = {P. M. Fitts},
	title = {The information capacity of the human motor system
          in controlling the amplitude of movement.},
	journal = {Journal Experimental Psycholology: General},
	volume = {47},
	number = {6},
	pages = {381--391},
	year = {1954},
}
 
 @inproceedings{FortnowLeVe06,
 author = {L. Fortnow and T. Lee and N. Vereshchagin},
 title = {Kolmogorov Complexity with Error},
 booktitle = {Proceedings of the 23rd Annual conference on Theoretical Aspects of Computer Science},
 year = {2006},
 pages = {137--148}
 } 

@article{Gacs74,
    author = {P. G\'{a}cs},
     journal = {{Soviet Mathematics Doklady}},
    number = {6},
    pages = {1477--1480},
    title = {{On the Symmetry of Information}},
    volume = {15},
    year = {1975}
}


 @article{GacsTrVi01,
    author = {P. G\'{a}cs and J. Tromp  and P. Vit\'{a}nyi},
     journal = {IEEE Transactions on Information Theory},
    number = {6},
    pages = {2443--2463},
    title = {{Algorithmic Statistics}},
    volume = {47},
    year = {2001}
}

@phdthesis{Geiger12,
	author       = {Philipp Geiger}, 
	title        = {Mutual information and G\"{o}del incompleteness},
	school       = {Heidelberg University},
	year         = 2012,
	month        = 10
}

@inproceedings{GipsBeFl00,
author  =      {J. Gips and M. Betke and P. Fleming},
title =        {{The Camera Mouse: Preliminary Investigation of Automated
                Visual Tracking for Computer Access}},
booktitle =    {Proceedings of the Rehabilitation Engineering and Assistive
               Technology Society of North America 2000 Annual Conference
               (RESNA 2000)},
pages =         {98--100},
location  =     {Orlando, FL},
month =        Jul,
year =         {2000},
publisher = {RESNA},
address = {Arlington, VA},
}

@book{GoertzelPe07,
 author = {B. Goertzel and C. Pennachin},
 title = {Artificial General Intelligence (Cognitive Technologies)},
 year = {2007},
 publisher = {Springer-Verlag New York, Inc.},
 address = {Secaucus, NJ, USA}
}

@inproceedings{GorodnichyDuAl07,
    title = {{Working with computer hands-free using Nouse Perceptual Vision Interface}},
    author = {D. Gorodnichy and E. Dubrofsky and M. Ali},
    year="2007",
    booktitle  = "Proceedings of the International CRV Workshop on
                     Video Processing and Recognition (VideoRec'07),
                     Montreal, Candada",
    month = May,
publisher = {NRC},
address = {Canada},
 }

@INPROCEEDINGS{GrahamAl98,
    author = {D. Graham and N. Allinson},
    title = {{Characterizing Virtual Eigensignatures for General Purpose Face Recognition}},
    booktitle = {Face Recognition: From Theory to Applications},
    year = {1998},
    pages = {446--456}
}

@article{HamsiciMa2008,
    author = {O. C. Hamsici and A. M. Martinez},
    journal = {IEEE Transactions on Pattern Analysis and Machine Intelligence},
    number = 11,
    pages = {1985--1999},
    title = {Rotation invariant kernels and their application to shape analysis},
    volume = 31,
    year =  2008,
}	

@Book{Hutter04,
  author =       {M. Hutter},
  title =        "{U}niversal {A}rtificial {I}ntelligence:
                  {S}equential {D}ecisions based on {A}lgorithmic {P}robability",
  _series =       "EATCS",
  publisher =    "Springer",
  address =      "Berlin",
  year =         "2004"
}


@Article{Hutter09,
  author =     {M. Hutter},
  title =        "{O}pen {P}roblems in {U}niversal {I}nduction \& {I}ntelligence",
  journal =      "Algorithms",
  volume =       "3",
  number =       "2",
  year =         "2009"
}

@inproceedings{HwangKeLaCl04,
 author = {F. Hwang and S. Keates and P. Langdon and J. Clarkson},
 title = {{Mouse movements of motion-impaired users: a submovement analysis}},
 booktitle = {Proceedings of the 6th International ACM SIGACCESS Conference on Computers and Accessibility (Assets '04)},
 year = {2004},
 pages = {102--109},
 location = {Atlanta, GA, USA},
 publisher = {ACM},
 address = {New York, NY},
 comment = {Behaviour \& Information Technology journal paper},
}

	
@misc{ISO07,
  author =       "{International Organization for Standardization}",
  title =        "Ergonomics of human-system interaction - {P}art 400: principles and requirements for physical input devices",
  number =       "ISO 9241-400:2007",
year = 2007,
}

@misc{iViewSe10,
author = {i{V}iew {X} {HED}},
title = {{SensoMotoric Instruments}},
year = 2010,
note = {http://www.smivision.com}
}

@techreport{KimKwFeBe08,
author =     {W. B. Kim and C. Kwan and I. Fedyuk and M. Betke},
title  =    {{Camera Canvas: Image Editor for People with Severe Disabilities}},
institution = {Computer Science Department, Boston University},
number =      {BU-CS-TR-2008-010},
month =      May,
year =       2008,
}


@incollection{KimRy06,
   author = {H. Kim and D. Ryu},
   title = {{Computer control by tracking head movements for the disabled}},
   booktitle = {10th International Conference on Computers Helping
                   People with Special Needs (ICCHP), Linz, Austria, LNCS 4061},
   pages = {709--715},
   publisher = {Springer-Verlag},
address = {Berlin Heidelberg},
   year = 2006,
}


@inproceedings{Kjeldsen06,
 author = {R. Kjeldsen},
 title = {{Improvements in vision-based pointer control}},
 booktitle = {Proceedings of the 8th International
               ACM SIGACCESS Conference on Computers and Accessibility},
 year = {2006},
 pages = {189--196},
publisher = {ACM},
address = {New York, NY},
 }
 
 @article{Kolmogorov65,
    author = { A. N. Kolmogorov},
    journal = {{Problems in Information Transmission}},
    pages = {1--7},
    title = {{Three approaches to the quantitative definition of information.}},
    volume = {1},
    year = {1965}
}

 @article{KolmogorovUs87,
 author = {A. N. Kolmogorov and V. A. Uspensky}, 
 journal = {{SIAM  Theory of Probability and Its Applications}},
 title = {{Algorithms and Randomness}},
 volume ={32},
 number={3},
 pages={389--412},
 year= {1987}
 }
 


 
@article{KumarMoTa09,
author = {S. Kumar and M. Mohri and A. Talwalkar},
title = {{Sampling Techniques for the Nystr\"{o}m Method}},
journal = {Journal of Machine Learning Research},
volume = {5},
year = {2009},
pages = {304--311}
}
 
 @article{LeCunBoDeHeHoHuJa89,
author = {Y. LeCun, and B. Boser and J. Denker and D. Henderson, and R. Howard and W. Hubbard and L. Jackel},
title = {{Backpropagation Applied to Handwritten Zip Code Recognition}},
journal = {Neural Computation},
volume = {1},
number = {4},
pages = {541-551},
year = {1989}
}


@article{Levin73,
author = {L. A. Levin},
title = {{On the notion of a random sequence}},
journal = {{Soviet Mathematics Doklady}},
volume={14},
pages={1413--1416},
number={5},
year = {1973},
}

@article{Levin74,
author = {L.  A. Levin},
title = {{Laws of Information Conservation (Non-growth) and Aspects of the Foundations of Probability Theory}},
journal= {Problemy Peredachi Informatsii},
volume={10},
pages={206--210},
number={3},
year = {1974},
}

@article{Levin84,
author = {L. A. Levin},
title = {{Randomness conservation inequalities; information and independence in mathematical theories}},
journal = {{Information and Control}},
volume = {61},
number = {1},
pages = {15--37},
year = {1984}
}

@article{Levin02,
  author    = {Leonid A. Levin},
  title     = {Forbidden Information},
  journal   = {CoRR},
  volume    = {cs.CC/0203029},
  year      = {2002}
}
  
@book{LiVi08,
 author = {M. Li and P. Vit{\'a}nyi},
 title = {An {I}ntroduction to {K}olmogorov {C}omplexity and {I}ts {A}pplications},
 year = {2008},
 edition = {3},
 publisher = {Springer Publishing Company, Incorporated}
}


@inproceedings{LoewenichMa07,
 author = {F. Loewenich and F. Maire},
 title = {{Hands-free mouse-pointer manipulation using motion-tracking
                 and speech recognition}},
 booktitle = {Proceedings of the 19th Australasian Conference on
               Computer-Human Interaction (OZCHI)},
 year = {2007},
 pages = {295--302},
publisher ={ACM},
address = {New York, NY},
 }
 
 @inproceedings{LucasKa81,
    author = {B. Lucas and T. Kanade},
    booktitle = {Proceedings of the Seventh International Joint
               Conference on Artifical Intelligence},
    pages = {674--679},
    title = {{An iterative image registration technique with an
                  application to stereo vision}},
    year = {1981},
   publisher = {IJCAI},
address ={California},
}

 @incollection{MageeBe10,
author = {J. Magee and M. Betke},
title = {{HAIL:} Hierarchical Adaptive Interface Layout},
editor = {K. Miesenberger et al.},
booktitle = {12$^{th}$ International Conference on Computers Helping
              People with Special Needs
                (ICCHP 2010), Vienna University of Technology, Austria,
                 Part 1, LNCS 6179},
pages = {139--146},
publisher = {Springer-Verlag},
address = {Berlin Heidelberg},
year = 2010,
month = Jul,
}

@ARTICLE{MacKenzie89,
    author = {I. S. MacKenzie},
    title = {A note on the information-theoretic basis for {F}itts' law},
    journal = {Journal of Motor Behavior},
    year = {1989},
    volume = {21},
    pages = {323-330}
}

@article{MacKenzie92,
 author = {I. S. MacKenzie},
 title = {Fitts' law as a research and design tool in human-computer interaction},
 journal = {Human Computer Interaction},
 volume = {7},
 number = {1},
 year = {1992},
 pages = {91--139}
 }

@inproceedings{ManresaVaPeNeFrMu08,
 author = {C. Manresa-Yee and J. Varona and F. Perales and J. Francisco and F. Negre and J. Muntaner},
 title = {{Experiences using a hands-free interface}},
 booktitle = {Proceedings of the 10th International ACM SIGACCESS
              Conference on Computers and Accessibility},
 year = {2008},
publisher ={ACM},
 pages = {261--262},
address = {New York, NY},
 }
 
 @inproceedings{MinotasSpMa04,
 author = {D. Miniotas and O. \v{S}pakov and  I. S. MacKenzie},
 title = {Eye gaze interaction with expanding targets},
 booktitle = {Proceedings of the Conference on Human Factors in Computing Systems},
 year = {2004},
 pages = {1255--1258}
 }
 
 @inproceedings{MissimerBe10,
 author = {E. Missimer and M. Betke},
 title = {Blink and wink detection for mouse pointer control},
 booktitle = {The 3rd ACM International Conference on Pervasive Technologies
             Related to Assistive Environments (PETRA 2010),
                Pythagorion, Samos, Greece},
 year = {2010},
 month = {June},
 note = {8 pp.},
publisher = {UTA},
address = {Arlington, Texas},
 }

@inproceedings{MissimerEpMaBe10,
title = {Customizable Keyboard},
author = {E. Missimer and S. Epstein and J. J. Magee and M. Betke},
booktitle ={The 12th International ACM SIGACCESS Conference
            on Computers and Accessibility (ASSETS 2010),
            Orlando, Florida, USA},
year = 2010,
month = Oct,
publisher = {ACM},
address = {New York, NY},
}

@article{Muchnik02,
 author = {A. Muchnik},
 title = {{Conditional complexity and codes}},
 journal = {Theoretical Computer Science},
 volume = {271},
 issue = {1-2},
 month = {January},
 year = {2002},
 pages = {97--109},
} 

@article{MuchnikKo10,
 author = {A. Muchnik and M. Kouck\'{y}},
 title = {Probabilistic {P}roof of {L}emma 6 in {R}ate {D}istortion and {D}enoising of {I}ndividual {D}ata using {K}olmogorov {C}omplexity},
 journal = {IEEE Transactions on Information Theory},
 volume = {56},
 issue = {7},
 year = {2010}
 }

@article{MusatovRoSh11,
  author    = {D. Musatov and  A. Romashchenko and A. Shen},
  title     = {{Variations on Muchnik's Conditional Complexity Theorem}},
  journal   = {Theory Computing Systems},
  volume    = {49},
  number    = {2},
  year      = {2011},
  pages     = {227-245}
}

@INPROCEEDINGS{PallejaRuTeTrViRePa08,
author={T. Palleja and E. Rubion and M. Teixido and M. Tresanchez and A. del Viso and C. Rebate and J. Palacin},
booktitle={Proceedings of the Conference on Human System Interactions},
title=          {{Simple and robust implementation of a relative virtual mouse
                controlled by head movements}},
year=   2008,
pages={221--224},
publisher = {IEEE},
address = {Piscataway, NJ},
}

@inproceedings{PonsaMaBaVa09,
 author = {P. Ponsa and C. Manresa-Yee and D. Batlle and J. Varona},
 title = {{Assessment of the use of a human-computer vision interaction framework}},
 booktitle = {Proceedings of the 2nd Conference on Human System Interactions},
 year = {2009},
 month = May,
 pages = {431--438},
publisher = {IEEE},
address = {Piscataway, NJ},
 }

@misc{QualiEyeQu10,
title = {Qualilife},
author = {Quali{E}ye},
year = {2010},
note = {http://www.qualilife.com/en/accessibility-download.html}
}

@article{RaoMitra71,
title = {{Further Contributions to the Theory of Generalized Inverse of Matrices and Its Applications}},
author = {R. Radhakrishna and S. Mitra},
journal = {The Indian Journal of Statistics, Series A},
volume = {33},
number = {3},
pages = {289-300},
year = {1971}
}
	
@misc{RedSe10,
title = {{SensoMotoric Instruments}},
author = {{RED Eye Tracking System}},
month = {September},
year = {2010},
note = {\\http://www.smivision.com}
}

@article{RoweisSa00,
    author = {S. Roweis and L. Saul},
    journal = {Science},
    number = {5500},
    pages = {2323--2326},
    priority = {2},
    title = {{Nonlinear Dimensionality Reduction by Locally Linear Embedding}},
    volume = {290},
    year = {2000}
}

@book{RussellNo2003,
  author = {S. Russell and P. Norvig},
  publisher = {Prentice Hall},
  title = {{Artificial Intelligence: A Modern Approach}},
   year = {2009},
  edition = {3rd}
}


@inproceedings{Scholkopf00,
    author = {B. Sch\"{o}lkopf},
    booktitle = {Advances in Neural Information Processing Systems},
    pages = {301--307},
    title = {{The Kernel Trick for Distances}},
    year = {2000}
}


@article{ScholkopfMiBuKnMuRaSm99,
  author = {B. Sch\"{o}lkopf and S. Mika and C. Burges and P. Knirsch and
             K. M\"{u}ller and G. R\"{a}tsch and A. Smola},
  title = {{Input Space Versus Feature Space in Kernel-Based Methods}},
  journal = {IEEE Transactions on Neural Networks},
  volume =  10,
  number = 5,
  pages = {1000-1017},
  year = 1999,
}

@book{ScholkopfSm01,
author = {B. Sch\"{o}lkopf and A. Smola},
title = {{Learning with Kernels: Support Vector Machines, Regularization,
Optimization, and Beyond}},
publisher = {The MIT Press},
year = 2001,
}


@Article{Shannon59,
  author =       {C. Shannon},
  title =        {{Coding Theorems for a Discrete Source with a Fidelity Criterion}},
  journal = {In IRE National Convention},
  year =         {1959},
  address =      {New York, NY, USA},
  volume =       {7, part 4},
  pages =        {142--163}
}

@article{Shen83,
author = {A. Shen},
title ={{The concept of (alpha,beta)-stochasticity in the Kolmogorov sense, and its properties.}},
journal = {{Soviet Mathematics Doklady}},
year = {1983},
volume = {28},
number = {1},
pages = {295--299}
}

@article{Shen99,
    author = {A. Shen},
    title = {{Discussion on Kolmogorov Complexity and Statistical Analysis}},
    journal = {The Computer Journal},
    volume = {42},
    number = {4},
    pages = {340-342},
    year = {1999}
}

@misc{Shen02,
author = {A. Shen},
howpublished={{Comments in Kolmogorov Mailing List}}, 
month={June 24th,},
year={2002}
}

@inproceedings{Shen12,
	Author = {A. Shen},
	Booktitle = {{Proceedings of 8th Conference on Computability in Europe }},
	Pages = {655-666},
	Series = {LNCS},
	Title = {{Game Arguments in Computability Theory and Algorithmic Information Theory.}},
	Volume = 7318,
	Year = 2012}



@inproceedings{SimBaBs02,
   author = {T. Sim and S. Baker and M. Bsat},
   title = {{The CMU Pose, Illumination, and Expression (PIE) Database}},
   booktitle = {Proceedings of the IEEE International Conference on Automatic Face and Gesture Recognition},
   year = {2002}
}

@misc{SmartNavNa10,
title = {{N}atural{P}oint},
author = {{S}mart{NAV}},
year = {2010},
note = {http://www.naturalpoint.com/smartnav}
}

@ARTICLE{Solomonoff64,
    author = {R. J. Solomonoff},
    title = {{A Formal Theory of Inductive Inference, Part l}},
    journal = {Information and Control},
    year = {1964},
    volume = {7},
    pages = {1--22}
}

@INPROCEEDINGS{TalwalkarKuRo08, 
author={A. Talwalkar and S. Kumar and H. Rowley}, 
booktitle={Proceedings of the  IEEE Conference on Computer
  Vision and Pattern Recognition, CVPR 2008}, 
title={{Large-Scale Manifold Learning}}, 
year={2008}, 
pages={1 -8}
}

@article{TenenbaumSoLa00,
    author = {J. Tenenbaum and V. Silva and J. Langford},
    journal = {Science},
    number = {5500},
    pages = {2319--2323},
    priority = {3},
    title = {{A Global Geometric Framework for Nonlinear Dimensionality Reduction}},
    volume = {290},
    year = {2000}
}

@misc{TestimonialsCameraMouseWebsite,
author = {{U}sers of the {C}amera {M}ouse},
title = {Testimonials},
year = 2010,
month = {October},
howpublished = {http://www.cameramouse.org/testimonials.html}
}

@inproceedings{TrewinKeMo06,
 author = {S. Trewin and S. Keates and K. Moffatt},
 title = {{Developing Steady Clicks:: A Method of Cursor Assistance for
                People with Motor  mpairments}},
 booktitle = {Proceedings of the 8th International ACM SIGACCESS
                 Conference on Computers and Accessibility (Assets '06)},
 year = {2006},
 pages = {26--33},
 location = {Portland, Oregon, USA},
 publisher = {ACM},
 address = {New York, NY},
 }
 
@article{TuTaHu07,
 author = {J. Tu and H. Tao and T. Huang},
 title = {Face as mouse through visual face tracking},
 journal = {Computer Vision and Image Understanding},
 volume = {108},
 number = {1-2},
 year = {2007},
 pages = {35--40}
 }
 
 @article{VaronaMaPe08,
 author = {J. Varona and C. Manresa-Yee and F. Perales},
 title = {Hands-free vision-based interface for computer accessibility},
 journal = {Journal of Network and Computer Applications},
 volume = {31},
 number = {4},
 year = {2008},
 pages = {357--374}
 }
 
@ARTICLE{VereshchaginVi04v2, 
 author    = {N. Vereshchagin and P. Vit{\'a}nyi},
journal={IEEE Transactions on Information Theory}, 
title={{Kolmogorov's Structure Functions and Model Selection}}, 
year={2004}, 
volume={50}, 
number={12}, 
pages={ 3265 - 3290}
}

@misc{VereshchaginVi04,
  author    = {N. Vereshchagin and P. Vit{\'a}nyi},
  title     = {{A}lgorithmic {R}ate {D}istortion {T}heory},
  volume    = {arXiv:cs/0411014v3},
  year      = {2004},
  note        = {http://arxiv.org/abs/cs.IT/0411014}
}

 
@article{VereshchaginVi10,
 author = {N. Vereshchagin and P. Vit\'{a}nyi},
 title = {Rate {D}istortion and {D}enoising of {I}ndividual {D}ata using {K}olmogorov {C}omplexity},
 journal = {IEEE Transactions on Information Theory},
 volume = {56},
 issue = {7},
 year = {2010}
 }
 
@ARTICLE{Vitanyi06, 
author={P. M. Vit\'{a}nyi}, 
journal={IEEE Transactions on Information Theory}, 
title={Meaningful Information}, 
year={2006}, 
volume={52}, 
number={10}, 
pages={4617--4626}
}
 
@article{Vyugin87,
 author = {V.V. V'Yugin},
 title= {{On Randomness Defect of a Finite Object Relative to Measures with Given Complexity Bounds}},
 journal = {{SIAM  Theory of Probability and Its Applications}},
 volume={32},
 issue={3},
 pages={558--563},
 year={1987}
 }

@article{Vyugin99,
 author = {V.V. V'Yugin},
    title = {Algorithmic Complexity and Stochastic Properties of Finite Binary Sequences},
    journal = {{The Computer Journal}},
    volume={42},
    issue={4},
    pages={294--317},
    year = {1999}
}


 @incollection{WaberMaBe06,
author = {B. Waber and J. Magee and M. Betke},
title = {Web Mediators for Accessible Browsing},
editor = {C. Stephanidis and M. Pieper},
booktitle ={Universal Access in Ambient Intelligence Environments -- 9th International ERCIM Workshop ``User Interfaces For All''  UI4ALL 2006, K\"{o}nigswinter, Germany, September 2006, Revised Papers. LNCS 4397},
year = 2006,
pages = {447--466},
publisher = {Springer-Verlag},
address = {Berlin},
}

@article{Weiss99,
author = {Y. Weiss},
title = {Segmentation Using Eigenvectors: A Unifying View},
journal ={IEEE International Conference on Computer Vision},
volume = {2},
year = {1999},
pages = {975}
}

@INPROCEEDINGS{WilliamsSe01,
    author = {C. Williams and M. Seeger},
    title = {{Using the Nystr\"{o}m Method to Speed Up Kernel Machines}},
    booktitle = {Advances in Neural Information Processing Systems},
    year = {2001},
    volume = {13},
    editor = {Todd K. Leen, Thomas G. Dietterich and Volker Tresp},
    pages = {682--688}
}

@inproceedings{WobbrockGa07,
 author = {J. O. Wobbrock and K. Z. Gajos},
 title = {A comparison of area pointing and goal crossing for people with
                  and without motor impairments},
 booktitle = {Proceedings of the ACM SIGACCESS Conference on Computers and
 Accessibility (Assets'07)},
 year = 2007,
 location = {Tempe, AZ, USA},
 publisher = {ACM Press},
 address = {New York, NY, USA},
pages = {3--10},
 }

@article{WobbrockGa08,
 author = {J. Wobbrock and K. Gajos},
 title = {Goal Crossing with Mice and Trackballs for People with Motor Impairments: Performance, Submovements, and Design Directions},
 journal = {ACM Transactions on Accessible Computing},
 volume = {1},
 number = {1},
 year = {2008},
 pages = {1--37}
 }
 
@techreport{YangJi06,
    author = {L. Yang and R. Jin},
    institution = {Department of Computer Science and Engineering,
                      Michigan State University},
    title = {Distance Metric Learning: A Comprehensive Survey},
    year = {2006}
}

@ARTICLE{ZvonkinLe70,
    author = {A. K. Zvonkin and L. A. Levin},
    title = {The complexity of finite objects and the development of the concepts of information and randomness by means of the theory of algorithms},
    journal = {Russian Math. Surveys},
    year = {1970},
    pages = {11}
}
